101 06200001998765432101506121014A094101STANDARD FEDERAL BANK  PAY ANY BIZ                    
5200PAY ANY BIZ     MONTHLY SUBSCRIPTION9876543210CTXSUBSCRIPTIJUN 01150612   1062000010000001
6271234567891234212134563456 00000045001234567        SEDANOS                 0062000010000001
6224321456761234212134563455 00000045001234567        SEDANOS                 0062000010000002
627123456755123              00000015001234567        ULT COMPANY             0062000010000003
622123456788345567           00000015001234567        ULT COMPANY             0062000010000004
627123456755123              00000015001234567        ULT COMPANY             0062000010000005
622123456788345567           00000015001234567        ULT COMPANY             0062000010000006

820000000601049429510000000075000000000075009876543210                         062000010000001
9000001000001000000060104942951000000007500000000007500                                       