101 12345678998765432101506120940A094101BANK ON IT             MY COMPANY                     
5200MY COMPANY      MONTHLY SUBSCRIPTION9876543210CTXSUBSCRIPTIJUN 01150612   1123456780000001

820000000000000000000000000000000000000000009876543210                         123456780000001
9000001000001000000000000000000000000000000000000000000                                       
9999999999999999999999999999999999999999999999999999999999999999999999999999999999999999999999
9999999999999999999999999999999999999999999999999999999999999999999999999999999999999999999999
9999999999999999999999999999999999999999999999999999999999999999999999999999999999999999999999
9999999999999999999999999999999999999999999999999999999999999999999999999999999999999999999999
9999999999999999999999999999999999999999999999999999999999999999999999999999999999999999999999
9999999999999999999999999999999999999999999999999999999999999999999999999999999999999999999999